% Copyright (C) 2017, The HSF Community White Paper authors, licence CC-BY-4.0.
    
@article{HSF-CWP-2017-01,
%  author = {},
  title = {A Roadmap for HEP Software and Computing R&D in the 2020s (HSF CWP)},
  archivePrefix = "arXiv",
  eprint        = "HSF-CWP-2017-01",
  primaryClass  = "hep-ex",
  note  = {in preparation}
}

@article{HSF-CWP-2017-02,
%  author = {},
  title = {HSF CWP: Careers & Training},
%  archivePrefix = "arXiv",
%  eprint        = "HSF-CWP-2017-02",
%  primaryClass  = "hep-ex",
  note  = {in preparation}
}

@article{HSF-CWP-2017-03,
%  author = {},
  title = {HSF CWP: Conditions Data},
%  archivePrefix = "arXiv",
%  eprint        = "HSF-CWP-2017-03",
%  primaryClass  = "hep-ex",
  note  = {in preparation}
}

@article{HSF-CWP-2017-04,
%  author = {},
  title = {HSF CWP: Data Organization, Management and Access},
%  archivePrefix = "arXiv",
%  eprint        = "HSF-CWP-2017-04",
%  primaryClass  = "hep-ex",
  note  = {in preparation}
}

@article{HSF-CWP-2017-05,
%  author = {},
  title = {HSF CWP: Data Analysis and Interpretation},
%  archivePrefix = "arXiv",
%  eprint        = "HSF-CWP-2017-05",
%  primaryClass  = "hep-ex",
  note  = {in preparation}
}

@article{HSF-CWP-2017-06,
%  author = {},
  title = {HSF CWP: Data and Software Preservation},
%  archivePrefix = "arXiv",
%  eprint        = "HSF-CWP-2017-06",
%  primaryClass  = "hep-ex",
  note  = {in preparation}
}

@article{HSF-CWP-2017-07,
%  author = {},
  title = {HSF CWP: Detector Simulation},
%  archivePrefix = "arXiv",
%  eprint        = "HSF-CWP-2017-07",
%  primaryClass  = "hep-ex",
  note  = {in preparation}
}

@article{HSF-CWP-2017-08,
%  author = {},
  title = {HSF CWP: Data Processing Frameworks},
%  archivePrefix = "arXiv",
%  eprint        = "HSF-CWP-2017-08",
%  primaryClass  = "hep-ex",
  note  = {in preparation}
}

@article{HSF-CWP-2017-09,
%  author = {},
  title = {HSF CWP: Facilities, and Distributed Computing},
%  archivePrefix = "arXiv",
%  eprint        = "HSF-CWP-2017-09",
%  primaryClass  = "hep-ex",
  note  = {in preparation}
}

@article{HSF-CWP-2017-10,
%  author = {},
  title = {HSF CWP: Machine Learning},
%  archivePrefix = "arXiv",
%  eprint        = "HSF-CWP-2017-10",
%  primaryClass  = "hep-ex",
  note  = {in preparation}
}

@article{HSF-CWP-2017-11,
%  author = {},
  title = {HSF CWP: Physics Generators},
%  archivePrefix = "arXiv",
%  eprint        = "HSF-CWP-2017-11",
%  primaryClass  = "hep-ex",
  note  = {in preparation}
}

@article{HSF-CWP-2017-12,
%  author = {},
  title = {HSF CWP: Security},
%  archivePrefix = "arXiv",
%  eprint        = "HSF-CWP-2017-12",
%  primaryClass  = "hep-ex",
  note  = {in preparation}
}

@article{HSF-CWP-2017-13,
%  author = {},
  title = {Software Development, Deployment and Validation/Verification},
%  archivePrefix = "arXiv",
%  eprint        = "HSF-CWP-2017-13",
%  primaryClass  = "hep-ex",
  note  = {in preparation}
}

@article{HSF-CWP-2017-14,
%  author = {},
  title = {CWP Software Trigger and Event Reconstruction WG},
%  archivePrefix = "arXiv",
%  eprint        = "HSF-CWP-2017-14",
%  primaryClass  = "hep-ex",
  note  = {in preparation}
}

@article{HSF-CWP-2017-15,
%  author = {},
  title = {Visualisation},
%  archivePrefix = "arXiv",
%  eprint        = "HSF-CWP-2017-15",
%  primaryClass  = "hep-ex",
  note  = {in preparation}
}
